@article{Author:year:XYZ,
 author = {Name1, Firstname 1 and Name2, Firstname2},
 title = {A dummy title},
 journal = {A Fake Journal},
 issue_date = {June YYYY},
 volume = {1},
 number = {1},
 month = jun,
 year = {YYYY},
 issn = {0000-0000},
 pages = {000--000},
 numpages = {10},
} 

@Misc{whentofreemium,
    author= {Marius F. Niculescu and D.J. Wu},
    title={When Should Software Firms Commercialize New Products via Freemium Business Models?},
    year={2011}
       
}
    
@Misc{freemiumdef,
    author= {Wilson, Fred},
    title={The Freemium Business Model},
    year={2006},
    month={3},
    howpublished={\url{http://avc.com/2006/03/the_freemium_bu/}}
}

@article{economicsofgiving,
    author={Anderson, Chris},
    title={The Economics of Giving It Away},
    year={2009},
    month={jan},
    journal={Wall Street Journal},
    howpublished={\url{http://www.wsj.com/articles/SB123335678420235003}
}

@ONLINE {barbarafindlayschenck2007,
    author = "Barbara Findlay Schenck",
    title  = "Freemium: Is the Price Right for Your Company?",
    month  = "feb",
    year   = "2007",
    url    = "http://www.entrepreneur.com/article/218107"
},

@ONLINE {katherineheires2007,
    author = "Katherine Heires",
    title  = "Why It Pays to Give Away the Store",
    month  = "mar",
    year   = "2007",
    url    = "http://money.cnn.com/magazines/business2/business2_archive/2006/10/01/8387115/"
},

@book{1_skype_2014, 
    author={Skype, Jonas Kjellberg}, 
    title={Troublemaking Skype}, url={https://www.youtube.com/watch?v=G3a2NX2kIb0}, urldate={2015-12-8},
    year={2014}
},

@ONLINE {chrisanderson2008,
    author = "Chris Anderson",
    title  = "The three kinds of FREE",
    month  = "sep",
    year   = "2008",
    url    = "http://www.longtail.com/the_long_tail/2008/09/the-three-kinds.html"
},
@book{selden1996,
 author = {Selden, Paul H.},
 title = {Sales Process Engineering: A Personal Workshop},
 year = {1996},
 isbn = {0873894189},
 publisher = {ASQ Quality Press},
},

@ONLINE {chrisanderson2012,
    author = "Chris Anderson",
    title  = "Finding a Freemium model that works for you",
    month  = "nov",
    year   = "2012",
    url    = "http://www.longtail.com/the_long_tail/2008/11/finding-a-freem.html"
},

@BOOK {heskettj1976,
    author    = "Heskett, J",
    title     = "Marketing",
    publisher = "Macmillan",
    year      = "1976",
    address   = "New York, NY",
    note      = "p. 581"
},

@ONLINE {microsoft2015,
    author = "Microsoft",
    title  = "BizSpark",
    year   = "2015",
    url    = "https://www.microsoft.com/bizspark/"
},

@MISC {petterbergendal2014,
    author = "Petter Bergendal",
    title  = "Business Potential for Analytics of Data from Wi-Fi Networks",
    month  = "dec",
    year   = "2014",
    note   = "Semester project, NTNU"
},

@MISC {karlbernhoffbinde2015,
    author = "Karl Bernhoff Binde",
    title  = "International Business Potential for Analytics if Room Utilization",
    month  = "jun",
    year   = "2015",
    note   = "Master thesis, NTNU"
},
@MISC {christianhalvorsen2011,
    author = "Christian Halvorsen",
    title  = "Campusguiden",
    month  = "jul",
    year   = "2011",
    note   = "Master thesis, NTNU"
},
@MASTERSTHESIS {annajepsonelinlundin2009,
    author = "Anna Jepson, Elin Lundin",
    title  = "Freemium for large enterprises",
    school = "KTH",
    year   = "2009",
    type   = "Masters Thesis",
    month  = "mar"
},








    


